timestamp,symbol,price,volume
2024-01-15 09:50:00.000,AAPL,100.008424,10000
2024-01-15 09:50:01.123,AAPL,99.999431,10000
2024-01-15 09:50:02.246,AAPL,99.997402,10000
2024-01-15 09:50:03.369,AAPL,99.982420,10000
2024-01-15 09:50:04.492,AAPL,99.967238,10000
2024-01-15 09:50:05.615,AAPL,99.973652,10000
2024-01-15 09:50:06.738,AAPL,99.966663,10000
2024-01-15 09:50:07.861,AAPL,99.967026,10000
2024-01-15 09:50:08.984,AAPL,99.954480,10000
2024-01-15 09:50:09.107,AAPL,99.958108,10000
2024-01-15 09:50:10.230,AAPL,99.956397,10000
2024-01-15 09:50:11.353,AAPL,99.974929,10000
2024-01-15 09:50:12.476,AAPL,99.993221,10000
2024-01-15 09:50:13.599,AAPL,99.960106,10000
2024-01-15 09:50:14.722,AAPL,99.942119,10000
2024-01-15 09:50:15.845,AAPL,99.954847,10000
2024-01-15 09:50:16.968,AAPL,99.935920,10000
2024-01-15 09:50:17.091,AAPL,99.929608,10000
2024-01-15 09:50:18.214,AAPL,99.923841,10000
2024-01-15 09:50:19.337,AAPL,99.901341,10000
2024-01-15 09:50:20.460,AAPL,99.920950,10000
2024-01-15 09:50:21.583,AAPL,99.918071,10000
2024-01-15 09:50:22.706,AAPL,99.937483,10000
2024-01-15 09:50:23.829,AAPL,99.922667,10000
2024-01-15 09:50:24.952,AAPL,99.949481,10000
2024-01-15 09:50:25.075,AAPL,99.953785,10000
2024-01-15 09:50:26.198,AAPL,99.965572,10000
2024-01-15 09:50:27.321,AAPL,99.940906,10000
2024-01-15 09:50:28.444,AAPL,99.936410,10000
2024-01-15 09:50:29.567,AAPL,99.935699,10000
2024-01-15 09:50:30.690,AAPL,99.946769,10000
2024-01-15 09:50:31.813,AAPL,99.961971,10000
2024-01-15 09:50:32.936,AAPL,99.965910,10000
2024-01-15 09:50:33.059,AAPL,99.976730,10000
2024-01-15 09:50:34.182,AAPL,99.964156,10000
2024-01-15 09:50:35.305,AAPL,99.960141,10000
2024-01-15 09:50:36.428,AAPL,99.970563,10000
2024-01-15 09:50:37.551,AAPL,99.944848,10000
2024-01-15 09:50:38.674,AAPL,99.957658,10000
2024-01-15 09:50:39.797,AAPL,99.942405,10000
2024-01-15 09:50:40.920,AAPL,99.947842,10000
2024-01-15 09:50:41.043,AAPL,99.937799,10000
2024-01-15 09:50:42.166,AAPL,99.953499,10000
2024-01-15 09:50:43.289,AAPL,99.952522,10000
2024-01-15 09:50:44.412,AAPL,99.935729,10000
2024-01-15 09:50:45.535,AAPL,99.940590,10000
2024-01-15 09:50:46.658,AAPL,99.950523,10000
2024-01-15 09:50:47.781,AAPL,99.952741,10000
2024-01-15 09:50:48.904,AAPL,99.967323,10000
2024-01-15 09:50:49.027,AAPL,99.943359,10000
2024-01-15 09:50:50.150,AAPL,99.920515,10000
2024-01-15 09:50:51.273,AAPL,99.913742,10000
2024-01-15 09:50:52.396,AAPL,99.899674,10000
2024-01-15 09:50:53.519,AAPL,99.894325,10000
2024-01-15 09:50:54.642,AAPL,99.877689,10000
2024-01-15 09:50:55.765,AAPL,99.855666,10000
2024-01-15 09:50:56.888,AAPL,99.853163,10000
2024-01-15 09:50:57.011,AAPL,99.884911,10000
2024-01-15 09:50:58.134,AAPL,99.875609,10000
2024-01-15 09:50:59.257,AAPL,99.867724,10000
2024-01-15 09:51:00.380,AAPL,99.867277,10000
2024-01-15 09:51:01.503,AAPL,99.867024,10000
2024-01-15 09:51:02.626,AAPL,99.874490,10000
2024-01-15 09:51:03.749,AAPL,99.862113,10000
2024-01-15 09:51:04.872,AAPL,99.867742,10000
2024-01-15 09:51:05.995,AAPL,99.866691,10000
2024-01-15 09:51:06.118,AAPL,99.884088,10000
2024-01-15 09:51:07.241,AAPL,99.907492,10000
2024-01-15 09:51:08.364,AAPL,99.927606,10000
2024-01-15 09:51:09.487,AAPL,99.962867,10000
2024-01-15 09:51:10.610,AAPL,99.952754,10000
2024-01-15 09:51:11.733,AAPL,99.964644,10000
2024-01-15 09:51:12.856,AAPL,99.958281,10000
2024-01-15 09:51:13.979,AAPL,99.978181,10000
2024-01-15 09:51:14.102,AAPL,99.979504,10000
2024-01-15 09:51:15.225,AAPL,100.011108,10000
2024-01-15 09:51:16.348,AAPL,99.995557,10000
2024-01-15 09:51:17.471,AAPL,100.007294,10000
2024-01-15 09:51:18.594,AAPL,99.966937,10000
2024-01-15 09:51:19.717,AAPL,99.973930,10000
2024-01-15 09:51:20.840,AAPL,99.984995,10000
2024-01-15 09:51:21.963,AAPL,99.971309,10000
2024-01-15 09:51:22.086,AAPL,99.962773,10000
2024-01-15 09:51:23.209,AAPL,99.952553,10000
2024-01-15 09:51:24.332,AAPL,99.960747,10000
2024-01-15 09:51:25.455,AAPL,99.961774,10000
2024-01-15 09:51:26.578,AAPL,99.944379,10000
2024-01-15 09:51:27.701,AAPL,99.960140,10000
2024-01-15 09:51:28.824,AAPL,99.956436,10000
2024-01-15 09:51:29.947,AAPL,99.971477,10000
2024-01-15 09:51:30.070,AAPL,99.989495,10000
2024-01-15 09:51:31.193,AAPL,100.000167,10000
2024-01-15 09:51:32.316,AAPL,99.982290,10000
2024-01-15 09:51:33.439,AAPL,99.966190,10000
2024-01-15 09:51:34.562,AAPL,99.959928,10000
2024-01-15 09:51:35.685,AAPL,99.959848,10000
2024-01-15 09:51:36.808,AAPL,99.975507,10000
2024-01-15 09:51:37.931,AAPL,99.989677,10000
2024-01-15 09:51:38.054,AAPL,99.992079,10000
2024-01-15 09:51:39.177,AAPL,100.029236,10000
2024-01-15 09:51:40.300,AAPL,100.035994,10000
2024-01-15 09:51:41.423,AAPL,100.035807,10000
2024-01-15 09:51:42.546,AAPL,100.013844,10000
2024-01-15 09:51:43.669,AAPL,100.035101,10000
2024-01-15 09:51:44.792,AAPL,100.009424,10000
2024-01-15 09:51:45.915,AAPL,100.009347,10000
2024-01-15 09:51:46.038,AAPL,100.005373,10000
2024-01-15 09:51:47.161,AAPL,99.976232,10000
2024-01-15 09:51:48.284,AAPL,99.981813,10000
2024-01-15 09:51:49.407,AAPL,99.979728,10000
2024-01-15 09:51:50.530,AAPL,99.969976,10000
2024-01-15 09:51:51.653,AAPL,99.954464,10000
2024-01-15 09:51:52.776,AAPL,99.927976,10000
2024-01-15 09:51:53.899,AAPL,99.906071,10000
2024-01-15 09:51:54.022,AAPL,99.928763,10000
2024-01-15 09:51:55.145,AAPL,99.910021,10000
2024-01-15 09:51:56.268,AAPL,99.902685,10000
2024-01-15 09:51:57.391,AAPL,99.917100,10000
2024-01-15 09:51:58.514,AAPL,99.924738,10000
2024-01-15 09:51:59.637,AAPL,99.895316,10000
2024-01-15 09:52:00.760,AAPL,99.898505,5298
2024-01-15 09:52:01.883,AAPL,99.886540,10000
2024-01-15 09:52:02.006,AAPL,99.884454,10000
2024-01-15 09:52:03.129,AAPL,99.875380,10000
2024-01-15 09:52:04.252,AAPL,99.908036,10000
2024-01-15 09:52:05.375,AAPL,99.882558,10000
2024-01-15 09:52:06.498,AAPL,99.884858,10000
2024-01-15 09:52:07.621,AAPL,99.887304,10000
2024-01-15 09:52:08.744,AAPL,99.856614,10000
2024-01-15 09:52:09.867,AAPL,99.862398,10000
2024-01-15 09:52:10.990,AAPL,99.859930,10000
2024-01-15 09:52:11.113,AAPL,99.879686,10000
2024-01-15 09:52:12.236,AAPL,99.886579,10000
2024-01-15 09:52:13.359,AAPL,99.874084,10000
2024-01-15 09:52:14.482,AAPL,99.841597,10000
2024-01-15 09:52:15.605,AAPL,99.820258,10000
2024-01-15 09:52:16.728,AAPL,99.809208,10000
2024-01-15 09:52:17.851,AAPL,99.838268,10000
2024-01-15 09:52:18.974,AAPL,99.832670,10000
2024-01-15 09:52:19.097,AAPL,99.807403,10000
2024-01-15 09:52:20.220,AAPL,99.816830,10000
2024-01-15 09:52:21.343,AAPL,99.819829,10000
2024-01-15 09:52:22.466,AAPL,99.812277,10000
2024-01-15 09:52:23.589,AAPL,99.839285,10000
2024-01-15 09:52:24.712,AAPL,99.834987,10000
2024-01-15 09:52:25.835,AAPL,99.823893,10000
2024-01-15 09:52:26.958,AAPL,99.841788,10000
2024-01-15 09:52:27.081,AAPL,99.832826,10000
2024-01-15 09:52:28.204,AAPL,99.841386,10000
2024-01-15 09:52:29.327,AAPL,99.836093,10000
2024-01-15 09:52:30.450,AAPL,99.837466,10000
2024-01-15 09:52:31.573,AAPL,99.889481,10000
2024-01-15 09:52:32.696,AAPL,99.904603,10000
2024-01-15 09:52:33.819,AAPL,99.910220,10000
2024-01-15 09:52:34.942,AAPL,99.913556,10000
2024-01-15 09:52:35.065,AAPL,99.896667,10000
2024-01-15 09:52:36.188,AAPL,99.903963,10000
2024-01-15 09:52:37.311,AAPL,99.922529,10000
2024-01-15 09:52:38.434,AAPL,99.911109,10000
2024-01-15 09:52:39.557,AAPL,99.896691,10000
2024-01-15 09:52:40.680,AAPL,99.914927,10000
2024-01-15 09:52:41.803,AAPL,99.889722,10000
2024-01-15 09:52:42.926,AAPL,99.910652,10000
2024-01-15 09:52:43.049,AAPL,99.892285,10000
2024-01-15 09:52:44.172,AAPL,99.913942,10000
2024-01-15 09:52:45.295,AAPL,99.896913,10000
2024-01-15 09:52:46.418,AAPL,99.895628,10000
2024-01-15 09:52:47.541,AAPL,99.902953,10000
2024-01-15 09:52:48.664,AAPL,99.930517,10000
2024-01-15 09:52:49.787,AAPL,99.961069,10000
2024-01-15 09:52:50.910,AAPL,99.936119,10000
2024-01-15 09:52:51.033,AAPL,99.944157,10000
2024-01-15 09:52:52.156,AAPL,99.926009,10000
2024-01-15 09:52:53.279,AAPL,99.938494,10000
2024-01-15 09:52:54.402,AAPL,99.901684,10000
2024-01-15 09:52:55.525,AAPL,99.912017,10000
2024-01-15 09:52:56.648,AAPL,99.907146,10000
2024-01-15 09:52:57.771,AAPL,99.897519,10000
2024-01-15 09:52:58.894,AAPL,99.913586,10000
2024-01-15 09:52:59.017,AAPL,99.906870,10000
2024-01-15 09:53:00.140,AAPL,99.851957,10000
2024-01-15 09:53:01.263,AAPL,99.830054,10000
2024-01-15 09:53:02.386,AAPL,99.865027,10000
2024-01-15 09:53:03.509,AAPL,99.883366,10000
2024-01-15 09:53:04.632,AAPL,99.887436,10000
2024-01-15 09:53:05.755,AAPL,99.881844,10000
2024-01-15 09:53:06.878,AAPL,99.909195,10000
2024-01-15 09:53:07.001,AAPL,99.914493,10000
2024-01-15 09:53:08.124,AAPL,99.922594,10000
2024-01-15 09:53:09.247,AAPL,99.937113,10000
2024-01-15 09:53:10.370,AAPL,99.930849,10000
2024-01-15 09:53:11.493,AAPL,99.907343,10000
2024-01-15 09:53:12.616,AAPL,99.888141,10000
2024-01-15 09:53:13.739,AAPL,99.888865,10000
2024-01-15 09:53:14.862,AAPL,99.885809,10000
2024-01-15 09:53:15.985,AAPL,99.890541,10000
2024-01-15 09:53:16.108,AAPL,99.920923,10000
2024-01-15 09:53:17.231,AAPL,99.918247,10000
2024-01-15 09:53:18.354,AAPL,99.899111,10000
2024-01-15 09:53:19.477,AAPL,99.886186,10000
2024-01-15 09:53:20.600,AAPL,99.854931,10000
2024-01-15 09:53:21.723,AAPL,99.878495,10000
2024-01-15 09:53:22.846,AAPL,99.890463,10000
2024-01-15 09:53:23.969,AAPL,99.899519,10000
2024-01-15 09:53:24.092,AAPL,99.859377,10000
2024-01-15 09:53:25.215,AAPL,99.850414,10000
2024-01-15 09:53:26.338,AAPL,99.845741,10000
2024-01-15 09:53:27.461,AAPL,99.867916,10000
2024-01-15 09:53:28.584,AAPL,99.866221,10000
2024-01-15 09:53:29.707,AAPL,99.861857,10000
2024-01-15 09:53:30.830,AAPL,99.844456,10000
2024-01-15 09:53:31.953,AAPL,99.858222,10000
2024-01-15 09:53:32.076,AAPL,99.842440,10000
2024-01-15 09:53:33.199,AAPL,99.830989,10000
2024-01-15 09:53:34.322,AAPL,99.819541,10000
2024-01-15 09:53:35.445,AAPL,99.842983,10000
2024-01-15 09:53:36.568,AAPL,99.833183,10000
2024-01-15 09:53:37.691,AAPL,99.830845,10000
2024-01-15 09:53:38.814,AAPL,99.813865,10000
2024-01-15 09:53:39.937,AAPL,99.821413,10000
2024-01-15 09:53:40.060,AAPL,99.799590,10000
2024-01-15 09:53:41.183,AAPL,99.786572,10000
2024-01-15 09:53:42.306,AAPL,99.762233,10000
2024-01-15 09:53:43.429,AAPL,99.790406,10000
2024-01-15 09:53:44.552,AAPL,99.762191,10000
2024-01-15 09:53:45.675,AAPL,99.789662,10000
2024-01-15 09:53:46.798,AAPL,99.806578,10000
2024-01-15 09:53:47.921,AAPL,99.808895,10000
2024-01-15 09:53:48.044,AAPL,99.833808,10000
2024-01-15 09:53:49.167,AAPL,99.832046,10000
2024-01-15 09:53:50.290,AAPL,99.855481,10000
2024-01-15 09:53:51.413,AAPL,99.845433,10000
2024-01-15 09:53:52.536,AAPL,99.837529,10000
2024-01-15 09:53:53.659,AAPL,99.841097,10000
2024-01-15 09:53:54.782,AAPL,99.854275,10000
2024-01-15 09:53:55.905,AAPL,99.856991,10000
2024-01-15 09:53:56.028,AAPL,99.846592,10000
2024-01-15 09:53:57.151,AAPL,99.824553,10000
2024-01-15 09:53:58.274,AAPL,99.813607,10000
2024-01-15 09:53:59.397,AAPL,99.799382,10000
2024-01-15 09:54:00.520,AAPL,99.792433,10000
2024-01-15 09:54:01.643,AAPL,99.792406,10000
2024-01-15 09:54:02.766,AAPL,99.783122,10000
2024-01-15 09:54:03.889,AAPL,99.798404,10000
2024-01-15 09:54:04.012,AAPL,99.820296,10000
2024-01-15 09:54:05.135,AAPL,99.827046,10000
2024-01-15 09:54:06.258,AAPL,99.846834,10000
2024-01-15 09:54:07.381,AAPL,99.856523,10000
2024-01-15 09:54:08.504,AAPL,99.857332,10000
2024-01-15 09:54:09.627,AAPL,99.860647,10000
2024-01-15 09:54:10.750,AAPL,99.862547,10000
2024-01-15 09:54:11.873,AAPL,99.848372,10000
2024-01-15 09:54:12.996,AAPL,99.846682,10000
2024-01-15 09:54:13.119,AAPL,99.860816,10000
2024-01-15 09:54:14.242,AAPL,99.871355,10000
2024-01-15 09:54:15.365,AAPL,99.887166,10000
2024-01-15 09:54:16.488,AAPL,99.879309,10000
2024-01-15 09:54:17.611,AAPL,99.881399,10000
2024-01-15 09:54:18.734,AAPL,99.896330,10000
2024-01-15 09:54:19.857,AAPL,99.866632,10000
2024-01-15 09:54:20.980,AAPL,99.891115,10000
2024-01-15 09:54:21.103,AAPL,99.862319,10000
2024-01-15 09:54:22.226,AAPL,99.889639,10000
2024-01-15 09:54:23.349,AAPL,99.877357,10000
2024-01-15 09:54:24.472,AAPL,99.883118,10000
2024-01-15 09:54:25.595,AAPL,99.884360,10000
2024-01-15 09:54:26.718,AAPL,99.863114,10000
2024-01-15 09:54:27.841,AAPL,99.842221,10000
2024-01-15 09:54:28.964,AAPL,99.850591,10000
2024-01-15 09:54:29.087,AAPL,99.815580,10000
2024-01-15 09:54:30.210,AAPL,99.796654,10000
2024-01-15 09:54:31.333,AAPL,99.776782,10000
2024-01-15 09:54:32.456,AAPL,99.808968,10000
2024-01-15 09:54:33.579,AAPL,99.810966,10000
2024-01-15 09:54:34.702,AAPL,99.798321,10000
2024-01-15 09:54:35.825,AAPL,99.801282,10000
2024-01-15 09:54:36.948,AAPL,99.802204,10000
2024-01-15 09:54:37.071,AAPL,99.801630,10000
2024-01-15 09:54:38.194,AAPL,99.803709,10000
2024-01-15 09:54:39.317,AAPL,99.799583,10000
2024-01-15 09:54:40.440,AAPL,99.807267,10000
2024-01-15 09:54:41.563,AAPL,99.821407,10000
2024-01-15 09:54:42.686,AAPL,99.836121,10000
2024-01-15 09:54:43.809,AAPL,99.830277,10000
2024-01-15 09:54:44.932,AAPL,99.839677,10000
2024-01-15 09:54:45.055,AAPL,99.827097,10000
2024-01-15 09:54:46.178,AAPL,99.812822,10000
2024-01-15 09:54:47.301,AAPL,99.814050,10000
2024-01-15 09:54:48.424,AAPL,99.807671,10000
2024-01-15 09:54:49.547,AAPL,99.772172,10000
2024-01-15 09:54:50.670,AAPL,99.781233,10000
2024-01-15 09:54:51.793,AAPL,99.806721,10000
2024-01-15 09:54:52.916,AAPL,99.824135,10000
2024-01-15 09:54:53.039,AAPL,99.791388,10000
2024-01-15 09:54:54.162,AAPL,99.801099,10000
2024-01-15 09:54:55.285,AAPL,99.778019,10000
2024-01-15 09:54:56.408,AAPL,99.757493,10000
2024-01-15 09:54:57.531,AAPL,99.747433,10000
2024-01-15 09:54:58.654,AAPL,99.762234,10000
2024-01-15 09:54:59.777,AAPL,99.765071,5414
2024-01-15 09:55:00.900,AAPL,99.772431,10000
2024-01-15 09:55:01.023,AAPL,99.772288,10000
2024-01-15 09:55:02.146,AAPL,99.801367,10000
2024-01-15 09:55:03.269,AAPL,99.806032,10000
2024-01-15 09:55:04.392,AAPL,99.816449,10000
2024-01-15 09:55:05.515,AAPL,99.801610,10000
2024-01-15 09:55:06.638,AAPL,99.814076,10000
2024-01-15 09:55:07.761,AAPL,99.830186,10000
2024-01-15 09:55:08.884,AAPL,99.837965,10000
2024-01-15 09:55:09.007,AAPL,99.834735,10000
2024-01-15 09:55:10.130,AAPL,99.803007,10000
2024-01-15 09:55:11.253,AAPL,99.836728,10000
2024-01-15 09:55:12.376,AAPL,99.840985,10000
2024-01-15 09:55:13.499,AAPL,99.831479,2814
2024-01-15 09:55:14.622,AAPL,99.814777,10000
2024-01-15 09:55:15.745,AAPL,99.813607,10000
2024-01-15 09:55:16.868,AAPL,99.838161,10000
2024-01-15 09:55:17.991,AAPL,99.829029,10000
2024-01-15 09:55:18.114,AAPL,99.808770,10000
2024-01-15 09:55:19.237,AAPL,99.800477,10000
2024-01-15 09:55:20.360,AAPL,99.811836,10000
2024-01-15 09:55:21.483,AAPL,99.820513,10000
2024-01-15 09:55:22.606,AAPL,99.809408,10000
2024-01-15 09:55:23.729,AAPL,99.800049,10000
2024-01-15 09:55:24.852,AAPL,99.772207,10000
2024-01-15 09:55:25.975,AAPL,99.785583,10000
2024-01-15 09:55:26.098,AAPL,99.790403,10000
2024-01-15 09:55:27.221,AAPL,99.799414,10000
2024-01-15 09:55:28.344,AAPL,99.773655,10000
2024-01-15 09:55:29.467,AAPL,99.806241,10000
2024-01-15 09:55:30.590,AAPL,99.807137,10000
2024-01-15 09:55:31.713,AAPL,99.794951,10000
2024-01-15 09:55:32.836,AAPL,99.782478,10000
2024-01-15 09:55:33.959,AAPL,99.752031,10000
2024-01-15 09:55:34.082,AAPL,99.751504,10000
2024-01-15 09:55:35.205,AAPL,99.779317,10000
2024-01-15 09:55:36.328,AAPL,99.795787,10000
2024-01-15 09:55:37.451,AAPL,99.809294,10000
2024-01-15 09:55:38.574,AAPL,99.794465,10000
2024-01-15 09:55:39.697,AAPL,99.805209,10000
2024-01-15 09:55:40.820,AAPL,99.789758,10000
2024-01-15 09:55:41.943,AAPL,99.791178,10000
2024-01-15 09:55:42.066,AAPL,99.832051,10000
2024-01-15 09:55:43.189,AAPL,99.832951,10000
2024-01-15 09:55:44.312,AAPL,99.825224,10000
2024-01-15 09:55:45.435,AAPL,99.848300,10000
2024-01-15 09:55:46.558,AAPL,99.856737,10000
2024-01-15 09:55:47.681,AAPL,99.884584,10000
2024-01-15 09:55:48.804,AAPL,99.889913,10000
2024-01-15 09:55:49.927,AAPL,99.888085,10000
2024-01-15 09:55:50.050,AAPL,99.863582,10000
2024-01-15 09:55:51.173,AAPL,99.876863,10000
2024-01-15 09:55:52.296,AAPL,99.869683,10000
2024-01-15 09:55:53.419,AAPL,99.865296,10000
2024-01-15 09:55:54.542,AAPL,99.876271,10000
2024-01-15 09:55:55.665,AAPL,99.895941,10000
2024-01-15 09:55:56.788,AAPL,99.888264,10000
2024-01-15 09:55:57.911,AAPL,99.882889,10000
2024-01-15 09:55:58.034,AAPL,99.898428,10000
2024-01-15 09:55:59.157,AAPL,99.890699,10000
2024-01-15 09:56:00.280,AAPL,99.913810,10000
2024-01-15 09:56:01.403,AAPL,99.887958,10000
2024-01-15 09:56:02.526,AAPL,99.909490,10000
2024-01-15 09:56:03.649,AAPL,99.917251,10000
2024-01-15 09:56:04.772,AAPL,99.871790,10000
2024-01-15 09:56:05.895,AAPL,99.846400,10000
2024-01-15 09:56:06.018,AAPL,99.821441,10000
2024-01-15 09:56:07.141,AAPL,99.829136,10000
2024-01-15 09:56:08.264,AAPL,99.817745,10000
2024-01-15 09:56:09.387,AAPL,99.834693,10000
2024-01-15 09:56:10.510,AAPL,99.810472,10000
2024-01-15 09:56:11.633,AAPL,99.811751,10000
2024-01-15 09:56:12.756,AAPL,99.814621,10000
2024-01-15 09:56:13.879,AAPL,99.832686,10000
2024-01-15 09:56:14.002,AAPL,99.814448,10000
2024-01-15 09:56:15.125,AAPL,99.797154,10000
2024-01-15 09:56:16.248,AAPL,99.815567,10000
2024-01-15 09:56:17.371,AAPL,99.806316,10000
2024-01-15 09:56:18.494,AAPL,99.799880,10000
2024-01-15 09:56:19.617,AAPL,99.817596,10000
2024-01-15 09:56:20.740,AAPL,99.847258,10000
2024-01-15 09:56:21.863,AAPL,99.851090,10000
2024-01-15 09:56:22.986,AAPL,99.850798,10000
2024-01-15 09:56:23.109,AAPL,99.876776,10000
2024-01-15 09:56:24.232,AAPL,99.873773,10000
2024-01-15 09:56:25.355,AAPL,99.875564,10000
2024-01-15 09:56:26.478,AAPL,99.877605,10000
2024-01-15 09:56:27.601,AAPL,99.900705,10000
2024-01-15 09:56:28.724,AAPL,99.917429,10000
2024-01-15 09:56:29.847,AAPL,99.913236,10000
2024-01-15 09:56:30.970,AAPL,99.890201,10000
2024-01-15 09:56:31.093,AAPL,99.890618,10000
2024-01-15 09:56:32.216,AAPL,99.893435,10000
2024-01-15 09:56:33.339,AAPL,99.909155,10000
2024-01-15 09:56:34.462,AAPL,99.916018,10000
2024-01-15 09:56:35.585,AAPL,99.936429,10000
2024-01-15 09:56:36.708,AAPL,99.919158,10000
2024-01-15 09:56:37.831,AAPL,99.914654,10000
2024-01-15 09:56:38.954,AAPL,99.927227,10000
2024-01-15 09:56:39.077,AAPL,99.949491,10000
2024-01-15 09:56:40.200,AAPL,99.963704,10000
2024-01-15 09:56:41.323,AAPL,99.969100,10000
2024-01-15 09:56:42.446,AAPL,99.987713,10000
2024-01-15 09:56:43.569,AAPL,99.963227,10000
2024-01-15 09:56:44.692,AAPL,99.952281,10000
2024-01-15 09:56:45.815,AAPL,99.971644,10000
2024-01-15 09:56:46.938,AAPL,99.975850,10000
2024-01-15 09:56:47.061,AAPL,99.970050,10000
2024-01-15 09:56:48.184,AAPL,99.968065,10000
2024-01-15 09:56:49.307,AAPL,99.946268,10000
2024-01-15 09:56:50.430,AAPL,99.963537,10000
2024-01-15 09:56:51.553,AAPL,99.977747,10000
2024-01-15 09:56:52.676,AAPL,100.008045,10000
2024-01-15 09:56:53.799,AAPL,99.991690,10000
2024-01-15 09:56:54.922,AAPL,100.010508,10000
2024-01-15 09:56:55.045,AAPL,100.028538,10000
2024-01-15 09:56:56.168,AAPL,100.050760,10000
2024-01-15 09:56:57.291,AAPL,100.050625,10000
2024-01-15 09:56:58.414,AAPL,100.050284,10000
2024-01-15 09:56:59.537,AAPL,100.079900,10000
2024-01-15 09:57:00.660,AAPL,100.065023,10000
2024-01-15 09:57:01.783,AAPL,100.050325,10000
2024-01-15 09:57:02.906,AAPL,100.087907,10000
2024-01-15 09:57:03.029,AAPL,100.086290,10000
2024-01-15 09:57:04.152,AAPL,100.078185,10000
2024-01-15 09:57:05.275,AAPL,100.101149,10000
2024-01-15 09:57:06.398,AAPL,100.097509,10000
2024-01-15 09:57:07.521,AAPL,100.099917,10000
2024-01-15 09:57:08.644,AAPL,100.097878,10000
2024-01-15 09:57:09.767,AAPL,100.111366,10000
2024-01-15 09:57:10.890,AAPL,100.120449,10000
2024-01-15 09:57:11.013,AAPL,100.118360,10000
2024-01-15 09:57:12.136,AAPL,100.116332,10000
2024-01-15 09:57:13.259,AAPL,100.087625,10000
2024-01-15 09:57:14.382,AAPL,100.091431,10000
2024-01-15 09:57:15.505,AAPL,100.095291,10000
2024-01-15 09:57:16.628,AAPL,100.132898,10000
2024-01-15 09:57:17.751,AAPL,100.125041,10000
2024-01-15 09:57:18.874,AAPL,100.113518,10000
2024-01-15 09:57:19.997,AAPL,100.140599,10000
2024-01-15 09:57:20.120,AAPL,100.130871,10000
2024-01-15 09:57:21.243,AAPL,100.147003,10000
2024-01-15 09:57:22.366,AAPL,100.178856,10000
2024-01-15 09:57:23.489,AAPL,100.182417,10000
2024-01-15 09:57:24.612,AAPL,100.203477,10000
2024-01-15 09:57:25.735,AAPL,100.214804,10000
2024-01-15 09:57:26.858,AAPL,100.214990,10000
2024-01-15 09:57:27.981,AAPL,100.215641,10000
2024-01-15 09:57:28.104,AAPL,100.217640,10000
2024-01-15 09:57:29.227,AAPL,100.213000,10000
2024-01-15 09:57:30.350,AAPL,100.255689,10000
2024-01-15 09:57:31.473,AAPL,100.235194,10000
2024-01-15 09:57:32.596,AAPL,100.245280,10000
2024-01-15 09:57:33.719,AAPL,100.231859,10000
2024-01-15 09:57:34.842,AAPL,100.244828,10000
2024-01-15 09:57:35.965,AAPL,100.255590,10000
2024-01-15 09:57:36.088,AAPL,100.261162,10000
2024-01-15 09:57:37.211,AAPL,100.297071,10000
2024-01-15 09:57:38.334,AAPL,100.342025,10000
2024-01-15 09:57:39.457,AAPL,100.327992,10000
2024-01-15 09:57:40.580,AAPL,100.306939,10000
2024-01-15 09:57:41.703,AAPL,100.272846,10000
2024-01-15 09:57:42.826,AAPL,100.280797,10000
2024-01-15 09:57:43.949,AAPL,100.314276,10000
2024-01-15 09:57:44.072,AAPL,100.311058,10000
2024-01-15 09:57:45.195,AAPL,100.327620,10000
2024-01-15 09:57:46.318,AAPL,100.308170,10000
2024-01-15 09:57:47.441,AAPL,100.300995,10000
2024-01-15 09:57:48.564,AAPL,100.290335,10000
2024-01-15 09:57:49.687,AAPL,100.332921,10000
2024-01-15 09:57:50.810,AAPL,100.322025,10000
2024-01-15 09:57:51.933,AAPL,100.317659,10000
2024-01-15 09:57:52.056,AAPL,100.315451,10000
2024-01-15 09:57:53.179,AAPL,100.315306,10000
2024-01-15 09:57:54.302,AAPL,100.341769,10000
2024-01-15 09:57:55.425,AAPL,100.352711,10000
2024-01-15 09:57:56.548,AAPL,100.348199,10000
2024-01-15 09:57:57.671,AAPL,100.332564,10000
2024-01-15 09:57:58.794,AAPL,100.307438,10000
2024-01-15 09:57:59.917,AAPL,100.316669,10000
2024-01-15 09:58:00.040,AAPL,100.320073,10000
2024-01-15 09:58:01.163,AAPL,100.333707,10000
2024-01-15 09:58:02.286,AAPL,100.322895,10000
2024-01-15 09:58:03.409,AAPL,100.320449,10000
2024-01-15 09:58:04.532,AAPL,100.312233,10000
2024-01-15 09:58:05.655,AAPL,100.310131,10000
2024-01-15 09:58:06.778,AAPL,100.318462,10000
2024-01-15 09:58:07.901,AAPL,100.326145,10000
2024-01-15 09:58:08.024,AAPL,100.333845,10000
2024-01-15 09:58:09.147,AAPL,100.374875,10000
2024-01-15 09:58:10.270,AAPL,100.426847,10000
2024-01-15 09:58:11.393,AAPL,100.396803,10000
2024-01-15 09:58:12.516,AAPL,100.385877,10000
2024-01-15 09:58:13.639,AAPL,100.422562,10000
2024-01-15 09:58:14.762,AAPL,100.408147,10000
2024-01-15 09:58:15.885,AAPL,100.371303,10000
2024-01-15 09:58:16.008,AAPL,100.368226,10000
2024-01-15 09:58:17.131,AAPL,100.367094,10000
2024-01-15 09:58:18.254,AAPL,100.353096,5195
2024-01-15 09:58:19.377,AAPL,100.337261,10000
2024-01-15 09:58:20.500,AAPL,100.326914,10000
2024-01-15 09:58:21.623,AAPL,100.327662,10000
2024-01-15 09:58:22.746,AAPL,100.328250,10000
2024-01-15 09:58:23.869,AAPL,100.343131,10000
2024-01-15 09:58:24.992,AAPL,100.345305,10000
2024-01-15 09:58:25.115,AAPL,100.363407,10000
2024-01-15 09:58:26.238,AAPL,100.372376,10000
2024-01-15 09:58:27.361,AAPL,100.366171,10000
2024-01-15 09:58:28.484,AAPL,100.353992,10000
2024-01-15 09:58:29.607,AAPL,100.334823,10000
2024-01-15 09:58:30.730,AAPL,100.344570,10000
2024-01-15 09:58:31.853,AAPL,100.329348,10000
2024-01-15 09:58:32.976,AAPL,100.327795,5258
2024-01-15 09:58:33.099,AAPL,100.344852,10000
2024-01-15 09:58:34.222,AAPL,100.342351,1220
2024-01-15 09:58:35.345,AAPL,100.346117,10000
2024-01-15 09:58:36.468,AAPL,100.360259,10000
2024-01-15 09:58:37.591,AAPL,100.346962,10000
2024-01-15 09:58:38.714,AAPL,100.315929,10000
2024-01-15 09:58:39.837,AAPL,100.326628,10000
2024-01-15 09:58:40.960,AAPL,100.315636,10000
2024-01-15 09:58:41.083,AAPL,100.309227,10000
2024-01-15 09:58:42.206,AAPL,100.327382,10000
2024-01-15 09:58:43.329,AAPL,100.321625,10000
2024-01-15 09:58:44.452,AAPL,100.329689,10000
2024-01-15 09:58:45.575,AAPL,100.320580,10000
2024-01-15 09:58:46.698,AAPL,100.310681,10000
2024-01-15 09:58:47.821,AAPL,100.318721,10000
2024-01-15 09:58:48.944,AAPL,100.350054,10000
2024-01-15 09:58:49.067,AAPL,100.340435,10000
2024-01-15 09:58:50.190,AAPL,100.337671,10000
2024-01-15 09:58:51.313,AAPL,100.327356,10000
2024-01-15 09:58:52.436,AAPL,100.339346,1130
2024-01-15 09:58:53.559,AAPL,100.330037,10000
2024-01-15 09:58:54.682,AAPL,100.329249,10000
2024-01-15 09:58:55.805,AAPL,100.340372,10000
2024-01-15 09:58:56.928,AAPL,100.342138,10000
2024-01-15 09:58:57.051,AAPL,100.363437,10000
2024-01-15 09:58:58.174,AAPL,100.375430,10000
2024-01-15 09:58:59.297,AAPL,100.363563,10000
2024-01-15 09:59:00.420,AAPL,100.367554,10000
2024-01-15 09:59:01.543,AAPL,100.374621,10000
2024-01-15 09:59:02.666,AAPL,100.400038,10000
2024-01-15 09:59:03.789,AAPL,100.394399,10000
2024-01-15 09:59:04.912,AAPL,100.408512,10000
2024-01-15 09:59:05.035,AAPL,100.423974,10000
2024-01-15 09:59:06.158,AAPL,100.452221,10000
2024-01-15 09:59:07.281,AAPL,100.460469,10000
2024-01-15 09:59:08.404,AAPL,100.452560,10000
2024-01-15 09:59:09.527,AAPL,100.445683,10000
2024-01-15 09:59:10.650,AAPL,100.404958,10000
2024-01-15 09:59:11.773,AAPL,100.431652,10000
2024-01-15 09:59:12.896,AAPL,100.427437,10000
2024-01-15 09:59:13.019,AAPL,100.435870,10000
2024-01-15 09:59:14.142,AAPL,100.460512,10000
2024-01-15 09:59:15.265,AAPL,100.487410,10000
2024-01-15 09:59:16.388,AAPL,100.479784,10000
2024-01-15 09:59:17.511,AAPL,100.470361,10000
2024-01-15 09:59:18.634,AAPL,100.502636,10000
2024-01-15 09:59:19.757,AAPL,100.478766,10000
2024-01-15 09:59:20.880,AAPL,100.472443,10000
2024-01-15 09:59:21.003,AAPL,100.504678,10000
2024-01-15 09:59:22.126,AAPL,100.525618,10000
2024-01-15 09:59:23.249,AAPL,100.540435,10000
2024-01-15 09:59:24.372,AAPL,100.548143,10000
2024-01-15 09:59:25.495,AAPL,100.552383,10000
2024-01-15 09:59:26.618,AAPL,100.537400,10000
2024-01-15 09:59:27.741,AAPL,100.540075,10000
2024-01-15 09:59:28.864,AAPL,100.521238,10000
2024-01-15 09:59:29.987,AAPL,100.511226,10000
2024-01-15 09:59:30.110,AAPL,100.498406,10000
2024-01-15 09:59:31.233,AAPL,100.499433,10000
2024-01-15 09:59:32.356,AAPL,100.517093,10000
2024-01-15 09:59:33.479,AAPL,100.509354,10000
2024-01-15 09:59:34.602,AAPL,100.493278,10000
2024-01-15 09:59:35.725,AAPL,100.503660,10000
2024-01-15 09:59:36.848,AAPL,100.505841,10000
2024-01-15 09:59:37.971,AAPL,100.511621,10000
2024-01-15 09:59:38.094,AAPL,100.534344,10000
2024-01-15 09:59:39.217,AAPL,100.562307,10000
2024-01-15 09:59:40.340,AAPL,100.571501,10000
2024-01-15 09:59:41.463,AAPL,100.592298,10000
2024-01-15 09:59:42.586,AAPL,100.624798,10000
2024-01-15 09:59:43.709,AAPL,100.635511,10000
2024-01-15 09:59:44.832,AAPL,100.635114,10000
2024-01-15 09:59:45.955,AAPL,100.625580,10000
2024-01-15 09:59:46.078,AAPL,100.651359,10000
2024-01-15 09:59:47.201,AAPL,100.662057,10000
2024-01-15 09:59:48.324,AAPL,100.679404,10000
2024-01-15 09:59:49.447,AAPL,100.653778,10000
2024-01-15 09:59:50.570,AAPL,100.670933,10000
2024-01-15 09:59:51.693,AAPL,100.667872,10000
2024-01-15 09:59:52.816,AAPL,100.635016,10000
2024-01-15 09:59:53.939,AAPL,100.643338,10000
2024-01-15 09:59:54.062,AAPL,100.635539,10000
2024-01-15 09:59:55.185,AAPL,100.613014,10000
2024-01-15 09:59:56.308,AAPL,100.618798,10000
2024-01-15 09:59:57.431,AAPL,100.613263,10000
2024-01-15 09:59:58.554,AAPL,100.630223,10000
2024-01-15 09:59:59.677,AAPL,100.636531,10000
2024-01-15 10:00:00.800,AAPL,100.642245,10000
2024-01-15 10:00:01.923,AAPL,100.693327,10000
2024-01-15 10:00:02.046,AAPL,100.687186,10000
2024-01-15 10:00:03.169,AAPL,100.685823,10000
2024-01-15 10:00:04.292,AAPL,100.704477,10000
2024-01-15 10:00:05.415,AAPL,100.714349,10000
2024-01-15 10:00:06.538,AAPL,100.688860,10000
2024-01-15 10:00:07.661,AAPL,100.667844,10000
2024-01-15 10:00:08.784,AAPL,100.656044,10000
2024-01-15 10:00:09.907,AAPL,100.668371,10000
2024-01-15 10:00:10.030,AAPL,100.692136,10000
2024-01-15 10:00:11.153,AAPL,100.669337,10000
2024-01-15 10:00:12.276,AAPL,100.657230,10000
2024-01-15 10:00:13.399,AAPL,100.655464,10000
2024-01-15 10:00:14.522,AAPL,100.685153,10000
2024-01-15 10:00:15.645,AAPL,100.710534,10000
2024-01-15 10:00:16.768,AAPL,100.728197,10000
2024-01-15 10:00:17.891,AAPL,100.706386,10000
2024-01-15 10:00:18.014,AAPL,100.704843,10000
2024-01-15 10:00:19.137,AAPL,100.705120,10000
2024-01-15 10:00:20.260,AAPL,100.692611,10000
2024-01-15 10:00:21.383,AAPL,100.679990,10000
2024-01-15 10:00:22.506,AAPL,100.647874,10000
2024-01-15 10:00:23.629,AAPL,100.638148,10000
2024-01-15 10:00:24.752,AAPL,100.617428,10000
2024-01-15 10:00:25.875,AAPL,100.653442,10000
2024-01-15 10:00:26.998,AAPL,100.628563,10000
2024-01-15 10:00:27.121,AAPL,100.607244,10000
2024-01-15 10:00:28.244,AAPL,100.610167,10000
2024-01-15 10:00:29.367,AAPL,100.634746,10000
2024-01-15 10:00:30.490,AAPL,100.652666,10000
2024-01-15 10:00:31.613,AAPL,100.655526,10000
2024-01-15 10:00:32.736,AAPL,100.665878,10000
2024-01-15 10:00:33.859,AAPL,100.645524,10000
2024-01-15 10:00:34.982,AAPL,100.630811,10000
2024-01-15 10:00:35.105,AAPL,100.633951,10000
2024-01-15 10:00:36.228,AAPL,100.630445,10000
2024-01-15 10:00:37.351,AAPL,100.662877,10000
2024-01-15 10:00:38.474,AAPL,100.669459,10000
2024-01-15 10:00:39.597,AAPL,100.670574,10000
2024-01-15 10:00:40.720,AAPL,100.636229,10000
2024-01-15 10:00:41.843,AAPL,100.643266,10000
2024-01-15 10:00:42.966,AAPL,100.651580,10000
2024-01-15 10:00:43.089,AAPL,100.639528,10000
2024-01-15 10:00:44.212,AAPL,100.629762,10000
2024-01-15 10:00:45.335,AAPL,100.622223,10000
2024-01-15 10:00:46.458,AAPL,100.621782,10000
2024-01-15 10:00:47.581,AAPL,100.620091,10000
2024-01-15 10:00:48.704,AAPL,100.628429,10000
2024-01-15 10:00:49.827,AAPL,100.634570,10000
2024-01-15 10:00:50.950,AAPL,100.646934,10000
2024-01-15 10:00:51.073,AAPL,100.649905,10000
2024-01-15 10:00:52.196,AAPL,100.679771,10000
2024-01-15 10:00:53.319,AAPL,100.693580,10000
2024-01-15 10:00:54.442,AAPL,100.708903,10000
2024-01-15 10:00:55.565,AAPL,100.682350,10000
2024-01-15 10:00:56.688,AAPL,100.685743,10000
2024-01-15 10:00:57.811,AAPL,100.680239,10000
2024-01-15 10:00:58.934,AAPL,100.691662,10000
2024-01-15 10:00:59.057,AAPL,100.711793,10000
2024-01-15 10:01:00.180,AAPL,100.705351,10000
2024-01-15 10:01:01.303,AAPL,100.718352,10000
2024-01-15 10:01:02.426,AAPL,100.737521,10000
2024-01-15 10:01:03.549,AAPL,100.715454,10000
2024-01-15 10:01:04.672,AAPL,100.733090,10000
2024-01-15 10:01:05.795,AAPL,100.699848,10000
2024-01-15 10:01:06.918,AAPL,100.728954,10000
2024-01-15 10:01:07.041,AAPL,100.693546,10000
2024-01-15 10:01:08.164,AAPL,100.676285,10000
2024-01-15 10:01:09.287,AAPL,100.683707,10000
2024-01-15 10:01:10.410,AAPL,100.684668,10000
2024-01-15 10:01:11.533,AAPL,100.694910,10000
2024-01-15 10:01:12.656,AAPL,100.675471,10000
2024-01-15 10:01:13.779,AAPL,100.676945,10000
2024-01-15 10:01:14.902,AAPL,100.640989,10000
2024-01-15 10:01:15.025,AAPL,100.657807,10000
2024-01-15 10:01:16.148,AAPL,100.659236,10000
2024-01-15 10:01:17.271,AAPL,100.680933,10000
2024-01-15 10:01:18.394,AAPL,100.706123,10000
2024-01-15 10:01:19.517,AAPL,100.686594,10000
2024-01-15 10:01:20.640,AAPL,100.679562,10000
2024-01-15 10:01:21.763,AAPL,100.671882,10000
2024-01-15 10:01:22.886,AAPL,100.675285,10000
2024-01-15 10:01:23.009,AAPL,100.683881,10000
2024-01-15 10:01:24.132,AAPL,100.675992,10000
2024-01-15 10:01:25.255,AAPL,100.680176,10000
2024-01-15 10:01:26.378,AAPL,100.701805,10000
2024-01-15 10:01:27.501,AAPL,100.703310,10000
2024-01-15 10:01:28.624,AAPL,100.711762,10000
2024-01-15 10:01:29.747,AAPL,100.702869,10000
2024-01-15 10:01:30.870,AAPL,100.700395,10000
2024-01-15 10:01:31.993,AAPL,100.686858,10000
2024-01-15 10:01:32.116,AAPL,100.687985,2687
2024-01-15 10:01:33.239,AAPL,100.671501,10000
2024-01-15 10:01:34.362,AAPL,100.678298,10000
2024-01-15 10:01:35.485,AAPL,100.720199,10000
2024-01-15 10:01:36.608,AAPL,100.702399,10000
2024-01-15 10:01:37.731,AAPL,100.694780,10000
2024-01-15 10:01:38.854,AAPL,100.700953,10000
2024-01-15 10:01:39.977,AAPL,100.674325,10000
2024-01-15 10:01:40.100,AAPL,100.689006,10000
2024-01-15 10:01:41.223,AAPL,100.696174,10000
2024-01-15 10:01:42.346,AAPL,100.677621,10000
2024-01-15 10:01:43.469,AAPL,100.673593,10000
2024-01-15 10:01:44.592,AAPL,100.691582,10000
2024-01-15 10:01:45.715,AAPL,100.690261,10000
2024-01-15 10:01:46.838,AAPL,100.678084,10000
2024-01-15 10:01:47.961,AAPL,100.660588,10000
2024-01-15 10:01:48.084,AAPL,100.638346,10000
2024-01-15 10:01:49.207,AAPL,100.650424,10000
2024-01-15 10:01:50.330,AAPL,100.624938,10000
2024-01-15 10:01:51.453,AAPL,100.635907,10000
2024-01-15 10:01:52.576,AAPL,100.629123,10000
2024-01-15 10:01:53.699,AAPL,100.657225,10000
2024-01-15 10:01:54.822,AAPL,100.677034,10000
2024-01-15 10:01:55.945,AAPL,100.683451,10000
2024-01-15 10:01:56.068,AAPL,100.697736,10000
2024-01-15 10:01:57.191,AAPL,100.685417,10000
2024-01-15 10:01:58.314,AAPL,100.664799,10000
2024-01-15 10:01:59.437,AAPL,100.637044,10000
2024-01-15 10:02:00.560,AAPL,100.633510,10000
2024-01-15 10:02:01.683,AAPL,100.653881,10000
2024-01-15 10:02:02.806,AAPL,100.667437,10000
2024-01-15 10:02:03.929,AAPL,100.645306,10000
2024-01-15 10:02:04.052,AAPL,100.620010,10000
2024-01-15 10:02:05.175,AAPL,100.615957,10000
2024-01-15 10:02:06.298,AAPL,100.594095,10000
2024-01-15 10:02:07.421,AAPL,100.569445,10000
2024-01-15 10:02:08.544,AAPL,100.539929,10000
2024-01-15 10:02:09.667,AAPL,100.554200,10000
2024-01-15 10:02:10.790,AAPL,100.565612,10000
2024-01-15 10:02:11.913,AAPL,100.587165,10000
2024-01-15 10:02:12.036,AAPL,100.582232,1337
2024-01-15 10:02:13.159,AAPL,100.602767,10000
2024-01-15 10:02:14.282,AAPL,100.609075,10000
2024-01-15 10:02:15.405,AAPL,100.608746,10000
2024-01-15 10:02:16.528,AAPL,100.621310,10000
2024-01-15 10:02:17.651,AAPL,100.635541,10000
2024-01-15 10:02:18.774,AAPL,100.629022,10000
2024-01-15 10:02:19.897,AAPL,100.625131,10000
2024-01-15 10:02:20.020,AAPL,100.665688,10000
2024-01-15 10:02:21.143,AAPL,100.668246,10000
2024-01-15 10:02:22.266,AAPL,100.661536,10000
2024-01-15 10:02:23.389,AAPL,100.656752,10000
2024-01-15 10:02:24.512,AAPL,100.644930,10000
2024-01-15 10:02:25.635,AAPL,100.624860,10000
2024-01-15 10:02:26.758,AAPL,100.623277,10000
2024-01-15 10:02:27.881,AAPL,100.626456,10000
2024-01-15 10:02:28.004,AAPL,100.649516,10000
2024-01-15 10:02:29.127,AAPL,100.655526,10000
2024-01-15 10:02:30.250,AAPL,100.655989,10000
2024-01-15 10:02:31.373,AAPL,100.614625,10000
2024-01-15 10:02:32.496,AAPL,100.647549,10000
2024-01-15 10:02:33.619,AAPL,100.653686,10000
2024-01-15 10:02:34.742,AAPL,100.645093,10000
2024-01-15 10:02:35.865,AAPL,100.654602,10000
2024-01-15 10:02:36.988,AAPL,100.645658,10000
2024-01-15 10:02:37.111,AAPL,100.638517,10000
2024-01-15 10:02:38.234,AAPL,100.650187,10000
2024-01-15 10:02:39.357,AAPL,100.652214,10000
2024-01-15 10:02:40.480,AAPL,100.657177,10000
2024-01-15 10:02:41.603,AAPL,100.640343,10000
2024-01-15 10:02:42.726,AAPL,100.638441,10000
2024-01-15 10:02:43.849,AAPL,100.643160,10000
2024-01-15 10:02:44.972,AAPL,100.625864,10000
2024-01-15 10:02:45.095,AAPL,100.624868,10000
2024-01-15 10:02:46.218,AAPL,100.608926,10000
2024-01-15 10:02:47.341,AAPL,100.612903,10000
2024-01-15 10:02:48.464,AAPL,100.605356,432
2024-01-15 10:02:49.587,AAPL,100.617290,10000
2024-01-15 10:02:50.710,AAPL,100.637953,10000
2024-01-15 10:02:51.833,AAPL,100.610713,10000
2024-01-15 10:02:52.956,AAPL,100.600821,10000
2024-01-15 10:02:53.079,AAPL,100.591572,10000
2024-01-15 10:02:54.202,AAPL,100.606075,10000
2024-01-15 10:02:55.325,AAPL,100.581482,10000
2024-01-15 10:02:56.448,AAPL,100.572270,10000
2024-01-15 10:02:57.571,AAPL,100.559618,10000
2024-01-15 10:02:58.694,AAPL,100.569908,10000
2024-01-15 10:02:59.817,AAPL,100.548965,10000
2024-01-15 10:03:00.940,AAPL,100.532075,10000
2024-01-15 10:03:01.063,AAPL,100.540136,10000
2024-01-15 10:03:02.186,AAPL,100.561944,10000
2024-01-15 10:03:03.309,AAPL,100.554836,10000
2024-01-15 10:03:04.432,AAPL,100.599212,10000
2024-01-15 10:03:05.555,AAPL,100.567256,10000
2024-01-15 10:03:06.678,AAPL,100.550058,10000
2024-01-15 10:03:07.801,AAPL,100.546234,10000
2024-01-15 10:03:08.924,AAPL,100.555756,10000
2024-01-15 10:03:09.047,AAPL,100.539431,10000
2024-01-15 10:03:10.170,AAPL,100.557115,10000
2024-01-15 10:03:11.293,AAPL,100.563956,10000
2024-01-15 10:03:12.416,AAPL,100.556804,10000
2024-01-15 10:03:13.539,AAPL,100.554794,10000
2024-01-15 10:03:14.662,AAPL,100.554712,10000
2024-01-15 10:03:15.785,AAPL,100.526075,10000
2024-01-15 10:03:16.908,AAPL,100.535175,10000
2024-01-15 10:03:17.031,AAPL,100.528773,10000
2024-01-15 10:03:18.154,AAPL,100.534048,10000
2024-01-15 10:03:19.277,AAPL,100.550676,10000
2024-01-15 10:03:20.400,AAPL,100.553414,10000
2024-01-15 10:03:21.523,AAPL,100.561057,10000
2024-01-15 10:03:22.646,AAPL,100.558317,10000
2024-01-15 10:03:23.769,AAPL,100.563661,10000
2024-01-15 10:03:24.892,AAPL,100.585223,10000
2024-01-15 10:03:25.015,AAPL,100.584921,10000
2024-01-15 10:03:26.138,AAPL,100.580697,10000
2024-01-15 10:03:27.261,AAPL,100.586721,10000
2024-01-15 10:03:28.384,AAPL,100.585475,10000
2024-01-15 10:03:29.507,AAPL,100.575541,10000
2024-01-15 10:03:30.630,AAPL,100.584998,10000
2024-01-15 10:03:31.753,AAPL,100.602969,10000
2024-01-15 10:03:32.876,AAPL,100.606023,10000
2024-01-15 10:03:33.999,AAPL,100.566013,10000
2024-01-15 10:03:34.122,AAPL,100.585647,10000
2024-01-15 10:03:35.245,AAPL,100.575605,10000
2024-01-15 10:03:36.368,AAPL,100.573227,10000
2024-01-15 10:03:37.491,AAPL,100.560112,10000
2024-01-15 10:03:38.614,AAPL,100.571773,10000
2024-01-15 10:03:39.737,AAPL,100.560538,10000
2024-01-15 10:03:40.860,AAPL,100.558609,10000
2024-01-15 10:03:41.983,AAPL,100.555135,10000
2024-01-15 10:03:42.106,AAPL,100.566425,10000
2024-01-15 10:03:43.229,AAPL,100.561354,10000
2024-01-15 10:03:44.352,AAPL,100.544671,10000
2024-01-15 10:03:45.475,AAPL,100.544066,10000
2024-01-15 10:03:46.598,AAPL,100.550052,10000
2024-01-15 10:03:47.721,AAPL,100.532411,10000
2024-01-15 10:03:48.844,AAPL,100.535725,10000
2024-01-15 10:03:49.967,AAPL,100.522104,10000
2024-01-15 10:03:50.090,AAPL,100.516043,10000
2024-01-15 10:03:51.213,AAPL,100.497737,10000
2024-01-15 10:03:52.336,AAPL,100.531297,10000
2024-01-15 10:03:53.459,AAPL,100.530543,10000
2024-01-15 10:03:54.582,AAPL,100.549201,10000
2024-01-15 10:03:55.705,AAPL,100.529278,10000
2024-01-15 10:03:56.828,AAPL,100.540594,10000
2024-01-15 10:03:57.951,AAPL,100.575581,10000
2024-01-15 10:03:58.074,AAPL,100.601870,10000
2024-01-15 10:03:59.197,AAPL,100.607994,10000
2024-01-15 10:04:00.320,AAPL,100.594851,10000
2024-01-15 10:04:01.443,AAPL,100.613345,10000
2024-01-15 10:04:02.566,AAPL,100.618509,10000
2024-01-15 10:04:03.689,AAPL,100.609627,10000
2024-01-15 10:04:04.812,AAPL,100.618447,10000
2024-01-15 10:04:05.935,AAPL,100.618227,10000
2024-01-15 10:04:06.058,AAPL,100.610076,10000
2024-01-15 10:04:07.181,AAPL,100.634384,10000
2024-01-15 10:04:08.304,AAPL,100.620301,10000
2024-01-15 10:04:09.427,AAPL,100.622976,10000
2024-01-15 10:04:10.550,AAPL,100.603160,10000
2024-01-15 10:04:11.673,AAPL,100.606551,10000
2024-01-15 10:04:12.796,AAPL,100.616585,10000
2024-01-15 10:04:13.919,AAPL,100.610743,10000
2024-01-15 10:04:14.042,AAPL,100.628469,10000
2024-01-15 10:04:15.165,AAPL,100.607198,10000
2024-01-15 10:04:16.288,AAPL,100.622740,10000
2024-01-15 10:04:17.411,AAPL,100.648143,10000
2024-01-15 10:04:18.534,AAPL,100.649510,10000
2024-01-15 10:04:19.657,AAPL,100.669199,10000
2024-01-15 10:04:20.780,AAPL,100.687664,10000
2024-01-15 10:04:21.903,AAPL,100.700398,10000
2024-01-15 10:04:22.026,AAPL,100.645254,10000
2024-01-15 10:04:23.149,AAPL,100.649062,10000
2024-01-15 10:04:24.272,AAPL,100.659245,10000
2024-01-15 10:04:25.395,AAPL,100.679165,10000
2024-01-15 10:04:26.518,AAPL,100.672389,10000
2024-01-15 10:04:27.641,AAPL,100.665907,10000
2024-01-15 10:04:28.764,AAPL,100.683600,10000
2024-01-15 10:04:29.887,AAPL,100.684077,10000
2024-01-15 10:04:30.010,AAPL,100.667733,10000
2024-01-15 10:04:31.133,AAPL,100.679814,10000
2024-01-15 10:04:32.256,AAPL,100.705526,10000
2024-01-15 10:04:33.379,AAPL,100.731964,10000
2024-01-15 10:04:34.502,AAPL,100.738316,10000
2024-01-15 10:04:35.625,AAPL,100.721980,10000
2024-01-15 10:04:36.748,AAPL,100.743490,10000
2024-01-15 10:04:37.871,AAPL,100.744833,10000
2024-01-15 10:04:38.994,AAPL,100.757717,10000
2024-01-15 10:04:39.117,AAPL,100.743266,10000
2024-01-15 10:04:40.240,AAPL,100.754763,10000
2024-01-15 10:04:41.363,AAPL,100.764934,10000
2024-01-15 10:04:42.486,AAPL,100.747122,10000
2024-01-15 10:04:43.609,AAPL,100.754626,10000
2024-01-15 10:04:44.732,AAPL,100.769046,10000
2024-01-15 10:04:45.855,AAPL,100.783047,10000
2024-01-15 10:04:46.978,AAPL,100.783849,10000
2024-01-15 10:04:47.101,AAPL,100.789716,10000
2024-01-15 10:04:48.224,AAPL,100.817293,10000
2024-01-15 10:04:49.347,AAPL,100.845092,10000
2024-01-15 10:04:50.470,AAPL,100.853807,10000
2024-01-15 10:04:51.593,AAPL,100.847026,10000
2024-01-15 10:04:52.716,AAPL,100.833850,10000
2024-01-15 10:04:53.839,AAPL,100.789133,10000
2024-01-15 10:04:54.962,AAPL,100.791470,10000
2024-01-15 10:04:55.085,AAPL,100.783452,10000
2024-01-15 10:04:56.208,AAPL,100.766994,10000
2024-01-15 10:04:57.331,AAPL,100.762478,10000
2024-01-15 10:04:58.454,AAPL,100.746775,10000
2024-01-15 10:04:59.577,AAPL,100.731068,10000
2024-01-15 10:05:00.700,AAPL,100.699193,10000
2024-01-15 10:05:01.823,AAPL,100.681597,10000
2024-01-15 10:05:02.946,AAPL,100.678813,10000
2024-01-15 10:05:03.069,AAPL,100.681674,10000
2024-01-15 10:05:04.192,AAPL,100.694571,10000
2024-01-15 10:05:05.315,AAPL,100.662520,10000
2024-01-15 10:05:06.438,AAPL,100.658622,10000
2024-01-15 10:05:07.561,AAPL,100.656140,10000
2024-01-15 10:05:08.684,AAPL,100.649940,10000
2024-01-15 10:05:09.807,AAPL,100.669020,10000
2024-01-15 10:05:10.930,AAPL,100.668942,10000
2024-01-15 10:05:11.053,AAPL,100.675661,10000
2024-01-15 10:05:12.176,AAPL,100.658155,10000
2024-01-15 10:05:13.299,AAPL,100.648988,10000
2024-01-15 10:05:14.422,AAPL,100.646287,10000
2024-01-15 10:05:15.545,AAPL,100.632749,10000
2024-01-15 10:05:16.668,AAPL,100.595190,10000
2024-01-15 10:05:17.791,AAPL,100.611830,10000
2024-01-15 10:05:18.914,AAPL,100.620900,10000
2024-01-15 10:05:19.037,AAPL,100.598902,10000
2024-01-15 10:05:20.160,AAPL,100.584369,10000
2024-01-15 10:05:21.283,AAPL,100.591014,10000
2024-01-15 10:05:22.406,AAPL,100.609416,10000
2024-01-15 10:05:23.529,AAPL,100.607391,10000
2024-01-15 10:05:24.652,AAPL,100.611066,10000
2024-01-15 10:05:25.775,AAPL,100.606096,10000
2024-01-15 10:05:26.898,AAPL,100.630061,10000
2024-01-15 10:05:27.021,AAPL,100.629837,10000
2024-01-15 10:05:28.144,AAPL,100.634355,10000
2024-01-15 10:05:29.267,AAPL,100.660390,10000
2024-01-15 10:05:30.390,AAPL,100.646616,10000
2024-01-15 10:05:31.513,AAPL,100.652499,10000
2024-01-15 10:05:32.636,AAPL,100.663007,10000
2024-01-15 10:05:33.759,AAPL,100.664423,10000
2024-01-15 10:05:34.882,AAPL,100.666313,10000
2024-01-15 10:05:35.005,AAPL,100.651709,10000
2024-01-15 10:05:36.128,AAPL,100.644090,10000
2024-01-15 10:05:37.251,AAPL,100.664892,10000
2024-01-15 10:05:38.374,AAPL,100.661515,10000
2024-01-15 10:05:39.497,AAPL,100.648135,10000
2024-01-15 10:05:40.620,AAPL,100.636502,10000
2024-01-15 10:05:41.743,AAPL,100.657402,10000
2024-01-15 10:05:42.866,AAPL,100.666213,10000
2024-01-15 10:05:43.989,AAPL,100.647430,10000
2024-01-15 10:05:44.112,AAPL,100.617327,10000
2024-01-15 10:05:45.235,AAPL,100.650547,10000
2024-01-15 10:05:46.358,AAPL,100.646074,10000
2024-01-15 10:05:47.481,AAPL,100.659051,10000
2024-01-15 10:05:48.604,AAPL,100.660526,10000
2024-01-15 10:05:49.727,AAPL,100.653511,10000
2024-01-15 10:05:50.850,AAPL,100.669046,10000
2024-01-15 10:05:51.973,AAPL,100.659986,10000
2024-01-15 10:05:52.096,AAPL,100.678781,10000
2024-01-15 10:05:53.219,AAPL,100.664643,10000
2024-01-15 10:05:54.342,AAPL,100.654505,10000
2024-01-15 10:05:55.465,AAPL,100.660551,10000
2024-01-15 10:05:56.588,AAPL,100.647846,10000
2024-01-15 10:05:57.711,AAPL,100.654259,10000
2024-01-15 10:05:58.834,AAPL,100.663450,10000
2024-01-15 10:05:59.957,AAPL,100.655190,10000
2024-01-15 10:06:00.080,AAPL,100.638591,10000
2024-01-15 10:06:01.203,AAPL,100.617890,10000
2024-01-15 10:06:02.326,AAPL,100.629930,10000
2024-01-15 10:06:03.449,AAPL,100.634481,10000
2024-01-15 10:06:04.572,AAPL,100.636336,10000
2024-01-15 10:06:05.695,AAPL,100.638543,10000
2024-01-15 10:06:06.818,AAPL,100.665537,10000
2024-01-15 10:06:07.941,AAPL,100.655694,10000
2024-01-15 10:06:08.064,AAPL,100.635726,10000
2024-01-15 10:06:09.187,AAPL,100.643084,10000
2024-01-15 10:06:10.310,AAPL,100.653261,10000
2024-01-15 10:06:11.433,AAPL,100.666351,10000
2024-01-15 10:06:12.556,AAPL,100.655238,3924
2024-01-15 10:06:13.679,AAPL,100.650015,10000
2024-01-15 10:06:14.802,AAPL,100.633459,10000
2024-01-15 10:06:15.925,AAPL,100.641182,10000
2024-01-15 10:06:16.048,AAPL,100.631409,10000
2024-01-15 10:06:17.171,AAPL,100.627721,10000
2024-01-15 10:06:18.294,AAPL,100.624558,10000
2024-01-15 10:06:19.417,AAPL,100.614784,10000
2024-01-15 10:06:20.540,AAPL,100.618403,10000
2024-01-15 10:06:21.663,AAPL,100.624037,10000
2024-01-15 10:06:22.786,AAPL,100.629730,288
2024-01-15 10:06:23.909,AAPL,100.643863,10000
2024-01-15 10:06:24.032,AAPL,100.620377,10000
2024-01-15 10:06:25.155,AAPL,100.594712,10000
2024-01-15 10:06:26.278,AAPL,100.578047,10000
2024-01-15 10:06:27.401,AAPL,100.574131,10000
2024-01-15 10:06:28.524,AAPL,100.569151,10000
2024-01-15 10:06:29.647,AAPL,100.568340,10000
2024-01-15 10:06:30.770,AAPL,100.556894,10000
2024-01-15 10:06:31.893,AAPL,100.563275,10000
2024-01-15 10:06:32.016,AAPL,100.571414,10000
2024-01-15 10:06:33.139,AAPL,100.585277,10000
2024-01-15 10:06:34.262,AAPL,100.600769,10000
2024-01-15 10:06:35.385,AAPL,100.634343,10000
2024-01-15 10:06:36.508,AAPL,100.630031,10000
2024-01-15 10:06:37.631,AAPL,100.605831,10000
2024-01-15 10:06:38.754,AAPL,100.614518,10000
2024-01-15 10:06:39.877,AAPL,100.586564,10000
2024-01-15 10:06:40.000,AAPL,100.572002,10000
2024-01-15 10:06:41.123,AAPL,100.584255,10000
2024-01-15 10:06:42.246,AAPL,100.563328,10000
2024-01-15 10:06:43.369,AAPL,100.543639,10000
2024-01-15 10:06:44.492,AAPL,100.545524,10000
2024-01-15 10:06:45.615,AAPL,100.565879,10000
2024-01-15 10:06:46.738,AAPL,100.554630,10000
2024-01-15 10:06:47.861,AAPL,100.568638,10000
2024-01-15 10:06:48.984,AAPL,100.556879,10000
2024-01-15 10:06:49.107,AAPL,100.543599,10000
2024-01-15 10:06:50.230,AAPL,100.544054,10000
2024-01-15 10:06:51.353,AAPL,100.535620,10000
2024-01-15 10:06:52.476,AAPL,100.539581,10000
2024-01-15 10:06:53.599,AAPL,100.531071,10000
2024-01-15 10:06:54.722,AAPL,100.516535,10000
2024-01-15 10:06:55.845,AAPL,100.510152,10000
2024-01-15 10:06:56.968,AAPL,100.520575,10000
2024-01-15 10:06:57.091,AAPL,100.519302,10000
2024-01-15 10:06:58.214,AAPL,100.525688,10000
2024-01-15 10:06:59.337,AAPL,100.512357,10000
2024-01-15 10:07:00.460,AAPL,100.483614,10000
2024-01-15 10:07:01.583,AAPL,100.480205,10000
2024-01-15 10:07:02.706,AAPL,100.476666,3025
2024-01-15 10:07:03.829,AAPL,100.491559,10000
2024-01-15 10:07:04.952,AAPL,100.494943,10000
2024-01-15 10:07:05.075,AAPL,100.508190,10000
2024-01-15 10:07:06.198,AAPL,100.465604,10000
2024-01-15 10:07:07.321,AAPL,100.442375,10000
2024-01-15 10:07:08.444,AAPL,100.399188,10000
2024-01-15 10:07:09.567,AAPL,100.378057,10000
2024-01-15 10:07:10.690,AAPL,100.382794,10000
2024-01-15 10:07:11.813,AAPL,100.387682,10000
2024-01-15 10:07:12.936,AAPL,100.382485,10000
2024-01-15 10:07:13.059,AAPL,100.358688,10000
2024-01-15 10:07:14.182,AAPL,100.349146,10000
2024-01-15 10:07:15.305,AAPL,100.362748,10000
2024-01-15 10:07:16.428,AAPL,100.364164,10000
2024-01-15 10:07:17.551,AAPL,100.381195,10000
2024-01-15 10:07:18.674,AAPL,100.383051,10000
2024-01-15 10:07:19.797,AAPL,100.378236,10000
2024-01-15 10:07:20.920,AAPL,100.359807,10000
2024-01-15 10:07:21.043,AAPL,100.353745,10000
2024-01-15 10:07:22.166,AAPL,100.367449,10000
2024-01-15 10:07:23.289,AAPL,100.348063,10000
2024-01-15 10:07:24.412,AAPL,100.354946,2206
2024-01-15 10:07:25.535,AAPL,100.366228,10000
2024-01-15 10:07:26.658,AAPL,100.375673,10000
2024-01-15 10:07:27.781,AAPL,100.369489,10000
2024-01-15 10:07:28.904,AAPL,100.373875,10000
2024-01-15 10:07:29.027,AAPL,100.362881,10000
2024-01-15 10:07:30.150,AAPL,100.376953,10000
2024-01-15 10:07:31.273,AAPL,100.373587,10000
2024-01-15 10:07:32.396,AAPL,100.356115,10000
2024-01-15 10:07:33.519,AAPL,100.385348,10000
2024-01-15 10:07:34.642,AAPL,100.427140,10000
2024-01-15 10:07:35.765,AAPL,100.428052,10000
2024-01-15 10:07:36.888,AAPL,100.422843,10000
2024-01-15 10:07:37.011,AAPL,100.417899,10000
2024-01-15 10:07:38.134,AAPL,100.419817,10000
2024-01-15 10:07:39.257,AAPL,100.440861,10000
2024-01-15 10:07:40.380,AAPL,100.472070,10000
2024-01-15 10:07:41.503,AAPL,100.477274,10000
2024-01-15 10:07:42.626,AAPL,100.474058,10000
2024-01-15 10:07:43.749,AAPL,100.487166,10000
2024-01-15 10:07:44.872,AAPL,100.484854,10000
2024-01-15 10:07:45.995,AAPL,100.506793,10000
2024-01-15 10:07:46.118,AAPL,100.524594,10000
2024-01-15 10:07:47.241,AAPL,100.519731,10000
2024-01-15 10:07:48.364,AAPL,100.537002,10000
2024-01-15 10:07:49.487,AAPL,100.541313,10000
2024-01-15 10:07:50.610,AAPL,100.518664,10000
2024-01-15 10:07:51.733,AAPL,100.554661,10000
2024-01-15 10:07:52.856,AAPL,100.553430,10000
2024-01-15 10:07:53.979,AAPL,100.548953,10000
2024-01-15 10:07:54.102,AAPL,100.549680,10000
2024-01-15 10:07:55.225,AAPL,100.528864,10000
2024-01-15 10:07:56.348,AAPL,100.494106,10000
2024-01-15 10:07:57.471,AAPL,100.497845,6833
2024-01-15 10:07:58.594,AAPL,100.489662,10000
2024-01-15 10:07:59.717,AAPL,100.510581,10000
2024-01-15 10:08:00.840,AAPL,100.530240,10000
2024-01-15 10:08:01.963,AAPL,100.532001,10000
2024-01-15 10:08:02.086,AAPL,100.534332,10000
2024-01-15 10:08:03.209,AAPL,100.518918,10000
2024-01-15 10:08:04.332,AAPL,100.520523,10000
2024-01-15 10:08:05.455,AAPL,100.502211,10000
2024-01-15 10:08:06.578,AAPL,100.514307,10000
2024-01-15 10:08:07.701,AAPL,100.511868,10000
2024-01-15 10:08:08.824,AAPL,100.492508,10000
2024-01-15 10:08:09.947,AAPL,100.491842,10000
2024-01-15 10:08:10.070,AAPL,100.467979,10000
2024-01-15 10:08:11.193,AAPL,100.444932,10000
2024-01-15 10:08:12.316,AAPL,100.447496,10000
2024-01-15 10:08:13.439,AAPL,100.447731,10000
2024-01-15 10:08:14.562,AAPL,100.454253,10000
2024-01-15 10:08:15.685,AAPL,100.453952,10000
2024-01-15 10:08:16.808,AAPL,100.445896,10000
2024-01-15 10:08:17.931,AAPL,100.456673,10000
2024-01-15 10:08:18.054,AAPL,100.465815,10000
2024-01-15 10:08:19.177,AAPL,100.451695,10000
2024-01-15 10:08:20.300,AAPL,100.443344,10000
2024-01-15 10:08:21.423,AAPL,100.453766,10000
2024-01-15 10:08:22.546,AAPL,100.447891,10000
2024-01-15 10:08:23.669,AAPL,100.453216,10000
2024-01-15 10:08:24.792,AAPL,100.470630,10000
2024-01-15 10:08:25.915,AAPL,100.455819,10000
2024-01-15 10:08:26.038,AAPL,100.451106,10000
2024-01-15 10:08:27.161,AAPL,100.479328,10000
2024-01-15 10:08:28.284,AAPL,100.483785,10000
2024-01-15 10:08:29.407,AAPL,100.492387,10000
2024-01-15 10:08:30.530,AAPL,100.511147,10000
2024-01-15 10:08:31.653,AAPL,100.483413,10000
2024-01-15 10:08:32.776,AAPL,100.510168,10000
2024-01-15 10:08:33.899,AAPL,100.515537,10000
2024-01-15 10:08:34.022,AAPL,100.514923,10000
2024-01-15 10:08:35.145,AAPL,100.506323,10000
2024-01-15 10:08:36.268,AAPL,100.506797,10000
2024-01-15 10:08:37.391,AAPL,100.491861,10000
2024-01-15 10:08:38.514,AAPL,100.460260,10000
2024-01-15 10:08:39.637,AAPL,100.458887,10000
2024-01-15 10:08:40.760,AAPL,100.439888,10000
2024-01-15 10:08:41.883,AAPL,100.474075,10000
2024-01-15 10:08:42.006,AAPL,100.479116,10000
2024-01-15 10:08:43.129,AAPL,100.487924,10000
2024-01-15 10:08:44.252,AAPL,100.515770,10000
2024-01-15 10:08:45.375,AAPL,100.540702,10000
2024-01-15 10:08:46.498,AAPL,100.527649,10000
2024-01-15 10:08:47.621,AAPL,100.510840,10000
2024-01-15 10:08:48.744,AAPL,100.496675,10000
2024-01-15 10:08:49.867,AAPL,100.508546,10000
2024-01-15 10:08:50.990,AAPL,100.516103,10000
2024-01-15 10:08:51.113,AAPL,100.552903,10000
2024-01-15 10:08:52.236,AAPL,100.538640,10000
2024-01-15 10:08:53.359,AAPL,100.558593,10000
2024-01-15 10:08:54.482,AAPL,100.534938,10000
2024-01-15 10:08:55.605,AAPL,100.554809,5781
2024-01-15 10:08:56.728,AAPL,100.557196,10000
2024-01-15 10:08:57.851,AAPL,100.560163,10000
2024-01-15 10:08:58.974,AAPL,100.548723,10000
2024-01-15 10:08:59.097,AAPL,100.574026,10000
2024-01-15 10:09:00.220,AAPL,100.586923,10000
2024-01-15 10:09:01.343,AAPL,100.621606,10000
2024-01-15 10:09:02.466,AAPL,100.634647,10000
2024-01-15 10:09:03.589,AAPL,100.641071,10000
2024-01-15 10:09:04.712,AAPL,100.614465,10000
2024-01-15 10:09:05.835,AAPL,100.612221,10000
2024-01-15 10:09:06.958,AAPL,100.622684,10000
2024-01-15 10:09:07.081,AAPL,100.604569,10000
2024-01-15 10:09:08.204,AAPL,100.596828,10000
2024-01-15 10:09:09.327,AAPL,100.583859,10000
2024-01-15 10:09:10.450,AAPL,100.588459,10000
2024-01-15 10:09:11.573,AAPL,100.607371,10000
2024-01-15 10:09:12.696,AAPL,100.599502,10000
2024-01-15 10:09:13.819,AAPL,100.623858,10000
2024-01-15 10:09:14.942,AAPL,100.641782,10000
2024-01-15 10:09:15.065,AAPL,100.639532,10000
2024-01-15 10:09:16.188,AAPL,100.676032,10000
2024-01-15 10:09:17.311,AAPL,100.683030,10000
2024-01-15 10:09:18.434,AAPL,100.666309,10000
2024-01-15 10:09:19.557,AAPL,100.648468,10000
2024-01-15 10:09:20.680,AAPL,100.655499,10000
2024-01-15 10:09:21.803,AAPL,100.659222,10000
2024-01-15 10:09:22.926,AAPL,100.674619,10000
2024-01-15 10:09:23.049,AAPL,100.658755,10000
2024-01-15 10:09:24.172,AAPL,100.648628,10000
2024-01-15 10:09:25.295,AAPL,100.657845,10000
2024-01-15 10:09:26.418,AAPL,100.672678,10000
2024-01-15 10:09:27.541,AAPL,100.675799,10000
2024-01-15 10:09:28.664,AAPL,100.658476,10000
2024-01-15 10:09:29.787,AAPL,100.661517,10000
2024-01-15 10:09:30.910,AAPL,100.641958,10000
2024-01-15 10:09:31.033,AAPL,100.611048,10000
2024-01-15 10:09:32.156,AAPL,100.612871,10000
2024-01-15 10:09:33.279,AAPL,100.625008,10000
2024-01-15 10:09:34.402,AAPL,100.615000,10000
2024-01-15 10:09:35.525,AAPL,100.608185,10000
2024-01-15 10:09:36.648,AAPL,100.601711,10000
2024-01-15 10:09:37.771,AAPL,100.590889,10000
2024-01-15 10:09:38.894,AAPL,100.562270,10000
2024-01-15 10:09:39.017,AAPL,100.559225,10000
2024-01-15 10:09:40.140,AAPL,100.543284,10000
2024-01-15 10:09:41.263,AAPL,100.543227,10000
2024-01-15 10:09:42.386,AAPL,100.542215,10000
2024-01-15 10:09:43.509,AAPL,100.525847,10000
2024-01-15 10:09:44.632,AAPL,100.504063,10000
2024-01-15 10:09:45.755,AAPL,100.507675,10000
2024-01-15 10:09:46.878,AAPL,100.502331,10000
2024-01-15 10:09:47.001,AAPL,100.517670,10000
2024-01-15 10:09:48.124,AAPL,100.530087,10000
2024-01-15 10:09:49.247,AAPL,100.540737,10000
2024-01-15 10:09:50.370,AAPL,100.535152,10000
2024-01-15 10:09:51.493,AAPL,100.537424,10000
2024-01-15 10:09:52.616,AAPL,100.545922,10000
2024-01-15 10:09:53.739,AAPL,100.562390,10000
2024-01-15 10:09:54.862,AAPL,100.551956,10000
2024-01-15 10:09:55.985,AAPL,100.556859,10000
2024-01-15 10:09:56.108,AAPL,100.570222,10000
2024-01-15 10:09:57.231,AAPL,100.578495,10000
2024-01-15 10:09:58.354,AAPL,100.598145,10000
2024-01-15 10:09:59.477,AAPL,100.584022,10000
2024-01-15 10:10:00.600,AAPL,100.590061,10000
2024-01-15 10:10:01.723,AAPL,100.600206,10000
2024-01-15 10:10:02.846,AAPL,100.625942,10000
2024-01-15 10:10:03.969,AAPL,100.621518,10000
2024-01-15 10:10:04.092,AAPL,100.623751,10000
2024-01-15 10:10:05.215,AAPL,100.611202,10000
2024-01-15 10:10:06.338,AAPL,100.590029,10000
2024-01-15 10:10:07.461,AAPL,100.585739,10000
2024-01-15 10:10:08.584,AAPL,100.597761,10000
2024-01-15 10:10:09.707,AAPL,100.583843,10000
2024-01-15 10:10:10.830,AAPL,100.596769,10000
2024-01-15 10:10:11.953,AAPL,100.627721,10000
2024-01-15 10:10:12.076,AAPL,100.659690,10000
2024-01-15 10:10:13.199,AAPL,100.668243,10000
2024-01-15 10:10:14.322,AAPL,100.657282,10000
2024-01-15 10:10:15.445,AAPL,100.641913,10000
2024-01-15 10:10:16.568,AAPL,100.644379,10000
2024-01-15 10:10:17.691,AAPL,100.649512,10000
2024-01-15 10:10:18.814,AAPL,100.642230,10000
2024-01-15 10:10:19.937,AAPL,100.645069,10000
2024-01-15 10:10:20.060,AAPL,100.618858,10000
2024-01-15 10:10:21.183,AAPL,100.621946,10000
2024-01-15 10:10:22.306,AAPL,100.627298,10000
2024-01-15 10:10:23.429,AAPL,100.651481,10000
2024-01-15 10:10:24.552,AAPL,100.655623,10000
2024-01-15 10:10:25.675,AAPL,100.669325,10000
2024-01-15 10:10:26.798,AAPL,100.670322,10000
2024-01-15 10:10:27.921,AAPL,100.685188,10000
2024-01-15 10:10:28.044,AAPL,100.670399,10000
2024-01-15 10:10:29.167,AAPL,100.690854,10000
2024-01-15 10:10:30.290,AAPL,100.709187,10000
2024-01-15 10:10:31.413,AAPL,100.727533,10000
2024-01-15 10:10:32.536,AAPL,100.715692,10000
2024-01-15 10:10:33.659,AAPL,100.687894,10000
2024-01-15 10:10:34.782,AAPL,100.690932,10000
2024-01-15 10:10:35.905,AAPL,100.701706,10000
2024-01-15 10:10:36.028,AAPL,100.680082,10000
2024-01-15 10:10:37.151,AAPL,100.677282,10000
2024-01-15 10:10:38.274,AAPL,100.676545,10000
2024-01-15 10:10:39.397,AAPL,100.692238,10000
2024-01-15 10:10:40.520,AAPL,100.695281,10000
2024-01-15 10:10:41.643,AAPL,100.695449,10000
2024-01-15 10:10:42.766,AAPL,100.681971,10000
2024-01-15 10:10:43.889,AAPL,100.686676,10000
2024-01-15 10:10:44.012,AAPL,100.696937,10000
2024-01-15 10:10:45.135,AAPL,100.697447,10000
2024-01-15 10:10:46.258,AAPL,100.719123,10000
2024-01-15 10:10:47.381,AAPL,100.705586,10000
2024-01-15 10:10:48.504,AAPL,100.700356,10000
2024-01-15 10:10:49.627,AAPL,100.717638,10000
2024-01-15 10:10:50.750,AAPL,100.692199,10000
2024-01-15 10:10:51.873,AAPL,100.688235,10000
2024-01-15 10:10:52.996,AAPL,100.695101,10000
2024-01-15 10:10:53.119,AAPL,100.704356,10000
2024-01-15 10:10:54.242,AAPL,100.725254,10000
2024-01-15 10:10:55.365,AAPL,100.716215,10000
2024-01-15 10:10:56.488,AAPL,100.694436,10000
2024-01-15 10:10:57.611,AAPL,100.695429,10000
2024-01-15 10:10:58.734,AAPL,100.671457,10000
2024-01-15 10:10:59.857,AAPL,100.662289,542
2024-01-15 10:11:00.980,AAPL,100.638217,10000
2024-01-15 10:11:01.103,AAPL,100.695731,10000
2024-01-15 10:11:02.226,AAPL,100.684668,10000
2024-01-15 10:11:03.349,AAPL,100.683276,10000
2024-01-15 10:11:04.472,AAPL,100.709775,10000
2024-01-15 10:11:05.595,AAPL,100.679489,10000
2024-01-15 10:11:06.718,AAPL,100.691766,10000
2024-01-15 10:11:07.841,AAPL,100.678537,10000
2024-01-15 10:11:08.964,AAPL,100.690194,10000
2024-01-15 10:11:09.087,AAPL,100.672333,10000
2024-01-15 10:11:10.210,AAPL,100.700123,10000
2024-01-15 10:11:11.333,AAPL,100.668308,10000
2024-01-15 10:11:12.456,AAPL,100.650037,10000
2024-01-15 10:11:13.579,AAPL,100.646452,10000
2024-01-15 10:11:14.702,AAPL,100.637657,10000
2024-01-15 10:11:15.825,AAPL,100.661019,10000
2024-01-15 10:11:16.948,AAPL,100.664534,10000
2024-01-15 10:11:17.071,AAPL,100.641197,10000
2024-01-15 10:11:18.194,AAPL,100.642617,10000
2024-01-15 10:11:19.317,AAPL,100.635543,10000
2024-01-15 10:11:20.440,AAPL,100.629534,10000
2024-01-15 10:11:21.563,AAPL,100.640671,10000
2024-01-15 10:11:22.686,AAPL,100.652919,10000
2024-01-15 10:11:23.809,AAPL,100.667715,10000
2024-01-15 10:11:24.932,AAPL,100.688246,10000
2024-01-15 10:11:25.055,AAPL,100.640127,10000
2024-01-15 10:11:26.178,AAPL,100.651084,10000
2024-01-15 10:11:27.301,AAPL,100.648334,10000
2024-01-15 10:11:28.424,AAPL,100.650538,10000
2024-01-15 10:11:29.547,AAPL,100.639849,10000
2024-01-15 10:11:30.670,AAPL,100.630178,10000
2024-01-15 10:11:31.793,AAPL,100.620605,10000
2024-01-15 10:11:32.916,AAPL,100.604725,10000
2024-01-15 10:11:33.039,AAPL,100.594962,10000
2024-01-15 10:11:34.162,AAPL,100.587053,10000
2024-01-15 10:11:35.285,AAPL,100.611431,10000
2024-01-15 10:11:36.408,AAPL,100.623504,10000
2024-01-15 10:11:37.531,AAPL,100.614120,10000
2024-01-15 10:11:38.654,AAPL,100.606487,10000
2024-01-15 10:11:39.777,AAPL,100.583853,10000
2024-01-15 10:11:40.900,AAPL,100.566788,10000
2024-01-15 10:11:41.023,AAPL,100.560979,10000
2024-01-15 10:11:42.146,AAPL,100.563166,10000
2024-01-15 10:11:43.269,AAPL,100.534435,10000
2024-01-15 10:11:44.392,AAPL,100.532031,10000
2024-01-15 10:11:45.515,AAPL,100.539842,10000
2024-01-15 10:11:46.638,AAPL,100.544965,10000
2024-01-15 10:11:47.761,AAPL,100.568905,10000
2024-01-15 10:11:48.884,AAPL,100.576279,10000
2024-01-15 10:11:49.007,AAPL,100.575480,10000
2024-01-15 10:11:50.130,AAPL,100.590968,10000
2024-01-15 10:11:51.253,AAPL,100.584100,10000
2024-01-15 10:11:52.376,AAPL,100.576543,10000
2024-01-15 10:11:53.499,AAPL,100.570491,10000
2024-01-15 10:11:54.622,AAPL,100.563115,10000
2024-01-15 10:11:55.745,AAPL,100.568238,10000
2024-01-15 10:11:56.868,AAPL,100.576344,10000
2024-01-15 10:11:57.991,AAPL,100.545440,10000
2024-01-15 10:11:58.114,AAPL,100.541821,10000
2024-01-15 10:11:59.237,AAPL,100.554870,10000
2024-01-15 10:12:00.360,AAPL,100.549559,10000
2024-01-15 10:12:01.483,AAPL,100.553766,10000
2024-01-15 10:12:02.606,AAPL,100.538996,10000
2024-01-15 10:12:03.729,AAPL,100.541160,10000
2024-01-15 10:12:04.852,AAPL,100.572838,10000
2024-01-15 10:12:05.975,AAPL,100.610482,10000
2024-01-15 10:12:06.098,AAPL,100.609689,10000
2024-01-15 10:12:07.221,AAPL,100.592640,10000
2024-01-15 10:12:08.344,AAPL,100.596420,10000
2024-01-15 10:12:09.467,AAPL,100.599498,10000
2024-01-15 10:12:10.590,AAPL,100.590276,10000
2024-01-15 10:12:11.713,AAPL,100.606182,10000
2024-01-15 10:12:12.836,AAPL,100.603170,10000
2024-01-15 10:12:13.959,AAPL,100.610176,10000
2024-01-15 10:12:14.082,AAPL,100.621392,10000
2024-01-15 10:12:15.205,AAPL,100.599268,10000
2024-01-15 10:12:16.328,AAPL,100.595324,10000
2024-01-15 10:12:17.451,AAPL,100.594426,10000
2024-01-15 10:12:18.574,AAPL,100.605984,10000
2024-01-15 10:12:19.697,AAPL,100.604138,10000
2024-01-15 10:12:20.820,AAPL,100.583127,10000
2024-01-15 10:12:21.943,AAPL,100.571151,10000
2024-01-15 10:12:22.066,AAPL,100.574632,10000
2024-01-15 10:12:23.189,AAPL,100.566244,10000
2024-01-15 10:12:24.312,AAPL,100.571833,10000
2024-01-15 10:12:25.435,AAPL,100.562646,10000
2024-01-15 10:12:26.558,AAPL,100.559883,10000
2024-01-15 10:12:27.681,AAPL,100.566859,10000
2024-01-15 10:12:28.804,AAPL,100.566164,10000
2024-01-15 10:12:29.927,AAPL,100.572819,10000
2024-01-15 10:12:30.050,AAPL,100.579043,10000
2024-01-15 10:12:31.173,AAPL,100.579764,10000
2024-01-15 10:12:32.296,AAPL,100.556033,10000
2024-01-15 10:12:33.419,AAPL,100.557615,10000
2024-01-15 10:12:34.542,AAPL,100.559574,10000
2024-01-15 10:12:35.665,AAPL,100.587609,10000
2024-01-15 10:12:36.788,AAPL,100.594772,10000
2024-01-15 10:12:37.911,AAPL,100.581334,10000
2024-01-15 10:12:38.034,AAPL,100.571014,10000
2024-01-15 10:12:39.157,AAPL,100.600040,10000
2024-01-15 10:12:40.280,AAPL,100.612717,10000
2024-01-15 10:12:41.403,AAPL,100.646363,10000
2024-01-15 10:12:42.526,AAPL,100.681512,10000
2024-01-15 10:12:43.649,AAPL,100.654283,10000
2024-01-15 10:12:44.772,AAPL,100.657070,2120
2024-01-15 10:12:45.895,AAPL,100.629967,10000
2024-01-15 10:12:46.018,AAPL,100.613408,10000
2024-01-15 10:12:47.141,AAPL,100.611206,10000
2024-01-15 10:12:48.264,AAPL,100.632584,10000
2024-01-15 10:12:49.387,AAPL,100.642415,10000
2024-01-15 10:12:50.510,AAPL,100.667761,10000
2024-01-15 10:12:51.633,AAPL,100.645019,10000
2024-01-15 10:12:52.756,AAPL,100.669022,10000
2024-01-15 10:12:53.879,AAPL,100.681492,10000
2024-01-15 10:12:54.002,AAPL,100.716145,10000
2024-01-15 10:12:55.125,AAPL,100.715734,10000
2024-01-15 10:12:56.248,AAPL,100.720637,10000
2024-01-15 10:12:57.371,AAPL,100.726404,10000
2024-01-15 10:12:58.494,AAPL,100.701312,10000
2024-01-15 10:12:59.617,AAPL,100.705655,10000
2024-01-15 10:13:00.740,AAPL,100.687084,10000
2024-01-15 10:13:01.863,AAPL,100.696746,10000
2024-01-15 10:13:02.986,AAPL,100.665854,10000
2024-01-15 10:13:03.109,AAPL,100.649845,10000
2024-01-15 10:13:04.232,AAPL,100.670820,10000
2024-01-15 10:13:05.355,AAPL,100.642546,10000
2024-01-15 10:13:06.478,AAPL,100.602958,10000
2024-01-15 10:13:07.601,AAPL,100.600754,10000
2024-01-15 10:13:08.724,AAPL,100.559847,10000
2024-01-15 10:13:09.847,AAPL,100.565276,10000
2024-01-15 10:13:10.970,AAPL,100.552903,10000
2024-01-15 10:13:11.093,AAPL,100.568969,10000
2024-01-15 10:13:12.216,AAPL,100.586627,10000
2024-01-15 10:13:13.339,AAPL,100.576824,10000
2024-01-15 10:13:14.462,AAPL,100.599224,10000
2024-01-15 10:13:15.585,AAPL,100.592312,10000
2024-01-15 10:13:16.708,AAPL,100.613227,10000
2024-01-15 10:13:17.831,AAPL,100.613191,10000
2024-01-15 10:13:18.954,AAPL,100.636159,10000
2024-01-15 10:13:19.077,AAPL,100.629639,10000
2024-01-15 10:13:20.200,AAPL,100.636663,10000
2024-01-15 10:13:21.323,AAPL,100.615424,10000
2024-01-15 10:13:22.446,AAPL,100.614921,10000
2024-01-15 10:13:23.569,AAPL,100.607141,10000
2024-01-15 10:13:24.692,AAPL,100.604533,10000
2024-01-15 10:13:25.815,AAPL,100.616656,10000
2024-01-15 10:13:26.938,AAPL,100.632407,10000
2024-01-15 10:13:27.061,AAPL,100.646487,10000
2024-01-15 10:13:28.184,AAPL,100.659314,10000
2024-01-15 10:13:29.307,AAPL,100.657601,10000
2024-01-15 10:13:30.430,AAPL,100.660159,10000
2024-01-15 10:13:31.553,AAPL,100.655693,10000
2024-01-15 10:13:32.676,AAPL,100.646397,10000
2024-01-15 10:13:33.799,AAPL,100.656525,10000
2024-01-15 10:13:34.922,AAPL,100.643685,10000
2024-01-15 10:13:35.045,AAPL,100.620494,10000
2024-01-15 10:13:36.168,AAPL,100.637484,10000
2024-01-15 10:13:37.291,AAPL,100.629677,10000
2024-01-15 10:13:38.414,AAPL,100.642883,10000
2024-01-15 10:13:39.537,AAPL,100.637550,10000
2024-01-15 10:13:40.660,AAPL,100.620024,10000
2024-01-15 10:13:41.783,AAPL,100.581853,10000
2024-01-15 10:13:42.906,AAPL,100.575004,10000
2024-01-15 10:13:43.029,AAPL,100.529630,10000
2024-01-15 10:13:44.152,AAPL,100.532276,10000
2024-01-15 10:13:45.275,AAPL,100.556296,10000
2024-01-15 10:13:46.398,AAPL,100.527003,10000
2024-01-15 10:13:47.521,AAPL,100.510768,10000
2024-01-15 10:13:48.644,AAPL,100.496290,10000
2024-01-15 10:13:49.767,AAPL,100.501440,10000
2024-01-15 10:13:50.890,AAPL,100.484681,10000
2024-01-15 10:13:51.013,AAPL,100.473689,10000
2024-01-15 10:13:52.136,AAPL,100.453563,10000
2024-01-15 10:13:53.259,AAPL,100.439335,10000
2024-01-15 10:13:54.382,AAPL,100.442986,10000
2024-01-15 10:13:55.505,AAPL,100.442346,10000
2024-01-15 10:13:56.628,AAPL,100.470582,10000
2024-01-15 10:13:57.751,AAPL,100.456677,10000
2024-01-15 10:13:58.874,AAPL,100.424529,10000
2024-01-15 10:13:59.997,AAPL,100.433231,10000
2024-01-15 10:14:00.120,AAPL,100.438178,10000
2024-01-15 10:14:01.243,AAPL,100.440364,10000
2024-01-15 10:14:02.366,AAPL,100.439626,10000
2024-01-15 10:14:03.489,AAPL,100.445447,10000
2024-01-15 10:14:04.612,AAPL,100.463651,10000
2024-01-15 10:14:05.735,AAPL,100.475951,10000
2024-01-15 10:14:06.858,AAPL,100.497864,10000
2024-01-15 10:14:07.981,AAPL,100.506689,10000
2024-01-15 10:14:08.104,AAPL,100.503021,10000
2024-01-15 10:14:09.227,AAPL,100.518419,10000
2024-01-15 10:14:10.350,AAPL,100.527899,10000
2024-01-15 10:14:11.473,AAPL,100.533646,10000
2024-01-15 10:14:12.596,AAPL,100.532013,10000
2024-01-15 10:14:13.719,AAPL,100.549498,10000
2024-01-15 10:14:14.842,AAPL,100.519780,10000
2024-01-15 10:14:15.965,AAPL,100.524154,10000
2024-01-15 10:14:16.088,AAPL,100.482603,10000
2024-01-15 10:14:17.211,AAPL,100.475788,10000
2024-01-15 10:14:18.334,AAPL,100.464737,10000
2024-01-15 10:14:19.457,AAPL,100.450009,10000
2024-01-15 10:14:20.580,AAPL,100.437717,10000
2024-01-15 10:14:21.703,AAPL,100.447105,10000
2024-01-15 10:14:22.826,AAPL,100.452949,10000
2024-01-15 10:14:23.949,AAPL,100.452348,10000
2024-01-15 10:14:24.072,AAPL,100.442968,10000
2024-01-15 10:14:25.195,AAPL,100.441868,10000
2024-01-15 10:14:26.318,AAPL,100.455184,10000
2024-01-15 10:14:27.441,AAPL,100.480570,10000
2024-01-15 10:14:28.564,AAPL,100.474079,10000
2024-01-15 10:14:29.687,AAPL,100.471937,10000
2024-01-15 10:14:30.810,AAPL,100.476955,10000
2024-01-15 10:14:31.933,AAPL,100.482140,10000
2024-01-15 10:14:32.056,AAPL,100.472632,10000
2024-01-15 10:14:33.179,AAPL,100.474338,10000
2024-01-15 10:14:34.302,AAPL,100.479341,10000
2024-01-15 10:14:35.425,AAPL,100.443787,10000
2024-01-15 10:14:36.548,AAPL,100.468519,10000
2024-01-15 10:14:37.671,AAPL,100.455368,10000
2024-01-15 10:14:38.794,AAPL,100.449592,10000
2024-01-15 10:14:39.917,AAPL,100.431548,10000
2024-01-15 10:14:40.040,AAPL,100.425673,10000
2024-01-15 10:14:41.163,AAPL,100.449786,10000
2024-01-15 10:14:42.286,AAPL,100.467203,10000
2024-01-15 10:14:43.409,AAPL,100.454181,10000
2024-01-15 10:14:44.532,AAPL,100.425281,10000
2024-01-15 10:14:45.655,AAPL,100.447759,10000
2024-01-15 10:14:46.778,AAPL,100.461885,10000
2024-01-15 10:14:47.901,AAPL,100.477362,10000
2024-01-15 10:14:48.024,AAPL,100.459600,10000
2024-01-15 10:14:49.147,AAPL,100.456879,10000
2024-01-15 10:14:50.270,AAPL,100.421318,10000
2024-01-15 10:14:51.393,AAPL,100.446779,10000
2024-01-15 10:14:52.516,AAPL,100.458829,10000
2024-01-15 10:14:53.639,AAPL,100.445481,10000
2024-01-15 10:14:54.762,AAPL,100.440658,10000
2024-01-15 10:14:55.885,AAPL,100.411691,10000
2024-01-15 10:14:56.008,AAPL,100.433163,10000
2024-01-15 10:14:57.131,AAPL,100.430594,10000
2024-01-15 10:14:58.254,AAPL,100.443994,10000
2024-01-15 10:14:59.377,AAPL,100.456131,10000
